1655 2909
691 114 862 179 [25]

103 237 191 272 122
227 213 436 261 vismodo
493 212 549 259 de
594 225 740 259 cetero
798 211 1127 275 provenientia:
1161 211 1261 266 sie,
1311 227 1443 268 Qvon

227 280 462 343 Justiciarij
494 281 631 333 Pacis,
666 277 737 324 seu
783 278 1013 339 Jussiciarij
1053 277 1349 324 Laboratorum
1373 289 1447 321 aut

230 345 460 402 Artificum,
496 347 565 390 vel
591 344 748 404 aliquis
783 344 892 389 aiius
925 343 1127 390 Minister
1168 342 1341 394 Noster,
1378 340 1447 386 seu

229 410 466 456 Heredum
515 408 778 462 nostrorum,
812 421 887 454 aut
931 407 1232 453 Succefforum
1279 406 1444 451 nostro-

229 491 346 529 rum,
398 476 466 519 vei
513 474 686 519 alterius
744 474 926 519 Persone
965 472 1274 533 cujuscunque,
1324 471 1449 531 super

229 540 399 586 dietum
441 539 641 600 Officium,
682 538 902 584 mitorum
942 540 1272 600 Justiciariorum
1309 538 1446 589 Pacis,

228 619 271 651 et
295 606 624 665 Justiciariorum
663 603 963 650 Laboratorum
1007 616 1051 648 et
1073 602 1300 662 Artificum,
1342 601 1451 647 infra

228 671 394 715 dietam
423 670 665 715 Civitatem
694 669 900 724 nostram,
939 684 988 714 ac
1026 668 1254 714 Libertates
1275 680 1318 712 et
1344 667 1450 712 Bun-

227 735 301 781 das
343 734 557 797 ejusdem,
590 734 645 779 de
679 735 830 780 Rebus
864 734 1030 779 ibidem
1073 733 1450 796 piovenientibus,

229 817 315 863 que
359 801 412 845 ad
456 798 707 862 hujusmodi
747 797 932 860 Officium
972 800 1206 861 pertinent,
1261 798 1318 844 Se
1364 811 1450 842 non

228 865 529 927 quovismodo
552 866 840 918 intromittam,
882 863 952 909 seu
994 865 1233 926 quicquam
1266 864 1452 926 faciant,

111 953 195 997 ¹²3
233 943 308 976 aut
333 930 388 974 de
427 931 590 975 eisdem
617 940 880 989 attemptent:
925 929 1015 984 ET,
1075 928 1260 989 inluper,
1294 924 1449 982 ‹Enn-

236 992 633 1053 fi'tluaul'nulss,
674 1011 754 1057 pro
779 995 925 1040 Nobis
961 1008 1003 1040 et
1031 994 1281 1039 Heredibus
1304 993 1453 1038 nostris

231 1061 452 1123 prediffls,
506 1060 684 1123 prefatis
727 1057 888 1121 Majori
940 1073 982 1105 et
1029 1059 1373 1109 Communibus,
1404 1073 1452 1101 ac

232 1126 487 1171 Heredibus
533 1138 576 1170 et
624 1125 947 1170 Succeflonbus
986 1126 1070 1170 iuis
1110 1123 1329 1186 prediffiS,
1373 1122 1451 1166 im-

231 1206 532 1253 perpetuum·‚
582 1189 719 1250 Qiod
776 1187 925 1247 Major
987 1187 1182 1247 eiusdem
1244 1188 1455 1234 Civitatis

231 1256 408 1310 Nostre,
441 1272 487 1301 ec
526 1254 793 1301 Stlcceffores
828 1254 906 1309 sui,
942 1252 1138 1317 Majores
1175 1253 1292 1299 diete
1331 1252 1454 1298 Civi-

231 1321 330 1367 tatis
353 1321 517 1376 nostre,·
543 1336 625 1382 pro
641 1321 874 1382 Tempore
893 1319 1137 1375 existentes,
1157 1321 1222 1365 Sit
1246 1319 1458 1379 Estaetor,

229 1399 274 1432 et
315 1385 496 1431 Clericus
520 1388 706 1432 Mercati
739 1384 869 1431 nostri
909 1385 1094 1439 ibidem,
1129 1401 1178 1430 ac
1218 1384 1452 1431 Heredum

232 1451 477 1498 nostrorum
505 1450 692 1504 ibidem,
725 1450 779 1497 ad
803 1466 1090 1505 FACIENDAS,
1116 1465 1455 1503 ExnacnquS,

230 1529 275 1562 et
313 1515 551 1578 exequendas
593 1518 765 1562 Omnes
798 1529 842 1561 et
879 1517 1088 1576 Singulas
1127 1518 1234 1571 Res,
1268 1531 1354 1578 que
1399 1514 1455 1560 ad

231 1581 418 1642 Officium
437 1582 681 1642 Escaeioris,
707 1580 791 1626 five
828 1581 983 1627 Clerici·
1006 1582 1206 1635 Mercati‚
1240 1580 1350 1627 infra
1383 1580 1455 1625 Ci-

228 1649 413 1692 vitatem
438 1646 626 1692 nostram
649 1645 892 1709 predfflam
909 1659 953 1691 et
974 1646 1217 1692 Libertates
1242 1644 1454 1707 ejusdem,

111 1732 198 1775 124
231 1712 382 1757 debite
404 1712 641 1773 pertinent,
676 1713 743 1756 ve!
771 1711 1043 1774 respetstant3
1077 1710 1180 1764 Sic,
1206 1727 1337 1764 Quor)
1363 1711 1454 1755 nul-

235 1778 301 1822 lus
341 1777 555 1837 Escaecor,
603 1777 674 1822 vel
715 1776 892 1823 Clericus
935 1779 1123 1823 Mercati
1161 1776 1338 1830 Nostri,
1384 1774 1454 1820 seu

235 1841 472 1887 Heredum
510 1841 756 1888 nostrorum
797 1841 1116 1903 prediftorurn,
1148 1855 1223 1887 aut
1264 1841 1452 1887 aliorum

235 1906 545 1953 Ministrorum
584 1906 830 1953 nostrorum
867 1922 1251 1969 quorumcunque,
1305 1906 1347 1951 in
1387 1922 1456 1951 ea-

232 1971 338 2017 dem
363 1972 561 2018 Civitate
602 1971 864 2027 nostra,-seu
905 1972 1204 2019 Libertatibus
1243 1969 1455 2033 ejusdem,

224 2038 365 2099 saciat
411 2039 480 2082 vei
527 2048 705 2083 exerceat
741 2038 908 2100 aliquas
947 2039 1050 2092 Res,
1083 2053 1171 2099 que
1194 2036 1249 2083 ad
1272 2035 1458 2097 Officium

236 2102 479 2162 Escaetoris,
519 2102 606 2148 five
651 2101 795 2149 Clerici
840 2104 1025 2149 Mercati
1065 2103 1249 2156 ibidem,
1305 2102 1457 2163 aliquo

116 2184 201 2228 125
238 2166 377 2212 modo
397 2167 646 2227 pertinent:
671 2169 774 2229 qu
792 2167 976 2230 quidem
997 2167 1160 2229 Major,
1184 2181 1232 2213 ut
1252 2163 1458 2228 Escaetor,

235 2244 279 2277 et
297 2232 474 2277 Clericus
499 2234 685 2278 Mercati
709 2253 722 2286 3
765 2248 914 2279 coram
937 2232 1114 2279 Ballivis
1147 2231 1344 2294 ejusdem
1383 2231 1458 2277 Ci-

233 2296 384 2342 vitatis
429 2297 587 2351 nostre,
612 2313 694 2360 pro
722 2297 955 2360 Tempore
972 2297 1270 2350 existentibus,
1308 2297 1455 2342 Sacra-

236 2373 437 2407 mentum
461 2362 602 2416 suum,
627 2363 670 2408 in
694 2360 948 2424 hujusmodi
972 2361 1116 2424 Officio
1142 2364 1386 2422 Escaetoris,
1409 2375 1455 2406 et

234 2425 594 2482 ClericiMercati,
619 2427 673 2473 ad
699 2427 888 2474 fideliter
894 2427 1126 2491 faciendum
1149 2443 1191 2475 et
1205 2426 1461 2486 exercendum

213 2489 450 2537 *Officium
472 2491 740 2555 preditstum,
763 2492 1001 2539 secundum
1025 2493 1146 2555 quod
1177 2494 1275 2539 Lex
1299 2489 1457 2546 nostra,

114 2555 203 2605 126
237 2556 281 2601 in
307 2556 387 2602 hac
403 2569 526 2618 parte
548 2557 703 2618 exigit,
743 2557 901 2619 prestet
937 2559 1252 2621 Corporaiiter.
1300 2553 1458 2613 ‹Enn-

234 2618 494 2682 ttffi'muss
517 2622 652 2676 etiarn
671 2622 840 2670 eisdem
853 2621 1027 2685 'Majori
1049 2636 1094 2671 et
1113 2623 1458 2677 Communibus,

1409 2702 1461 2732 ἃς
