1655 2909
738 68 875 132 [6]

217 169 316 218 citis
330 168 697 232 dejexterioribus
716 169 1027 226 Tenemends,
1047 185 1134 232 que
1158 185 1246 216 non
1262 169 1484 232 pertinent

133 253 186 299 13
223 237 277 282 ad
298 233 566 282 Hundredam
585 235 705 282 ville
727 253 736 282 :
779 235 877 290 ΕΤ,
897 236 1018 298 quod
1039 235 1118 281 s1nt
1139 237 1266 298 quieti
1279 235 1334 281 de
1350 235 1482 280 Mur·

135 320 191 360 14
223 301 316 356 dra,
341 299 450 346 infra
488 300 636 346 Metas
670 300 792 346 Ville
813 319 822 347 :
860 301 956 356 ΕΤ,
998 300 1122 362 quod
1163 300 1310 346 nullus
1354 299 1482 346 Civis

211 367 356 428 faciat
378 363 572 413 Duellum
590 367 634 411 in
658 365 869 422 civitate,
894 365 950 410 de
965 364 1117 428 aliquo
1141 364 1328 426 Appell0‚
1354 364 1483 426 quod

221 429 420 493 quisquis
453 430 600 477 versus
623 446 726 476 eum
751 430 891 476 facere
930 432 1098 493 possit3
1153 432 1230 487 set,
1272 429 1484 492 purgabit

222 495 265 542 se
286 511 365 558 per
384 496 718 541 Sacramentum
753 496 1044 557 quadraginta
1084 495 1324 541 hominum
1351 494 1485 557 ipsius

133 579 189 623 15
224 561 450 617 Civitatis,
470 562 547 622 qui
571 559 732 623 legales
752 561 859 607 sint:
897 560 994 615 ΕΤ,
1019 561 1142 622 quod
1168 577 1303 607 nemo
1342 560 1485 622 capiat

224 625 461 686 Hospicium
480 624 591 672 infra
615 626 797 683 Muros,
822 642 902 688 per
916 624 1101 686 Affisam,
1125 626 1197 671 vel
1231 641 1310 688 per
1333 625 1483 671 Liber-

223 694 398 736 ationem
413 690 775 752 Marescallorum,
792 703 944 737 contra
959 690 1252 736 Voluntatem
1270 691 1454 736 Civium
1472 709 1481 736 :

137 758 194 804 16
230 755 326 811 ΕΤ,
385 757 508 818 quod
556 756 636 801 sint
675 758 802 818 quieti
839 756 895 802 de
932 754 1149 801 Theolonio
1196 768 1239 800 et
1276 755 1483 817 Lestagio‚

225 820 418 884 Paffagio
440 833 484 867 et
505 820 730 883 Pontagio,
747 833 790 868 et
813 821 870 867 de
892 820 1103 867 omnibus
1121 819 1217 883 alijs
1234 820 1484 867 Consuetu-

223 886 421 940 dinibus,
442 902 521 948 per
535 899 676 932 totam
702 887 894 932 Terram
912 899 955 932 et
974 885 1241 932 Potestatem
1263 885 1482 932 nostram:

136 966 192 1015 17
229 951 326 1007 ΕΤ,
352 951 475 1012 quod
493 951 639 997 nullus
657 951 870 998 Indicetur
890 951 947 996 de
964 951 1260 1012 Misericordia
1279 951 1484 1013 pecunie,

224 1016 304 1062 nifi
321 1015 559 1062 secundum
578 1017 755 1078 Legem
780 1015 1039 1070 Hundrede3
1065 1016 1243 1070 scilicet,
1270 1032 1353 1078 pro
1371 1016 1485 1062 For-

199 1078 431 1127 issa&ura
454 1081 747 1143 quadraginta
770 1081 1073 1136 Solidorum·,
1117 1081 1269 1127 unde
1261 1097 1313 1137 is,
1338 1081 1416 1143 qui
1441 1081 1484 1126 in

222 1146 580 1192 Misericordiam
604 1146 824 1203 inciderit,
848 1147 1025 1220 quietus
1048 1147 1131 1193 erit
1146 1147 1202 1192 de
1218 1146 1484 1200 Medietate,

221 1222 266 1257 et
287 1211 417 1256 aliam
439 1212 732 1258 Medietatem
750 1183 904 1258 dabit
897 1228 940 1257 m
960 1211 1287 1268 Misericordia,
1325 1227 1486 1274 excep-

226 1277 282 1322 tis
305 1276 444 1322 tribus
470 1275 830 1340 Misericordij53
857 1277 1034 1332 scilicet,
1059 1277 1115 1322 de
1139 1277 1257 1323 Pane
1280 1289 1322 1323 et
1345 1278 1486 1322 Servi-

211 1336 283 1399 fia
305 1352 348 1386 et
372 1341 575 1403 Vigilj53
615 1358 701 1404 que
725 1342 1034 1388 Misericordie
1071 1342 1168 1388 sunt
1206 1341 1264 1387 de
1307 1341 1485 1389 duobus

227 1406 377 1452 solidis
415 1422 456 1451 et
480 1407 551 1452 sex
590 1405 795 1468 denarijs,
845 1409 963 1452 unde
1004 1407 1228 1453 Medietas
1259 1407 1486 1453 condona-

226 1470 365 1526 bitur,
411 1484 454 1517 et
494 1472 577 1517 alia
622 1473 844 1518 Medietas
891 1472 1099 1518 reddetur
1137 1473 1180 1517 in
1228 1472 1486 1519 Misericor-

140 1537 193 1582 18
230 1533 343 1596 dijs:
387 1535 463 1581 ΕΤ
487 1537 611 1598 quod
637 1537 870 1583 Hundreda
890 1537 1036 1583 Semel
1055 1549 1252 1584 teneatur
1277 1538 1319 1583 in
1339 1538 1485 1600 Septi-

140 1617 194 1657 ¹9
230 1615 382 1647 mana:
410 1601 507 1655 ΕΤ,
534 1602 691 1663 quod
684 1619 725 1648 m
743 1603 867 1648 nullo
885 1603 1049 1665 placito
1066 1605 1195 1665 possit
1209 1603 1306 1664 quis
1325 1603 1485 1648 causari

137 1681 196 1712 20
231 1680 309 1727 per
352 1666 685 1728 Miskeningam:
720 1667 816 1724 ET,
867 1668 990 1729 quod
1030 1666 1146 1730 juste
1200 1684 1272 1713 HA
1290 1684 1484 1713 BEANT

227 1729 385 1776 Terras
428 1743 470 1777 et
510 1737 547 1776 7
547 1735 712 1778 enurias
753 1746 796 1779 et
833 1735 876 1778 V
872 1732 1076 1778 adimonta
1121 1733 1193 1779 sua
1238 1745 1280 1778 et
1326 1732 1482 1789 debita,

228 1810 307 1857 per
329 1808 470 1842 totam
505 1797 695 1843 Terram
730 1811 773 1844 et
811 1797 1079 1844 Potestatem
1125 1797 1337 1853 nostram,
1384 1798 1482 1844 ubi-

141 1875 162 1905 2
180 1878 194 1907 1
234 1875 409 1922 cunque
432 1878 479 1906 ea
502 1861 768 1908 debeantur:
809 1862 902 1917 ΕΤ,
928 1863 1049 1924 quod
1075 1862 1487 1936 poffintdistringere

138 1941 195 1972 22
234 1925 470 1971 Debitores
494 1925 608 1982 sum,
644 1944 723 1989 per
760 1926 922 1973 Namia
945 1927 1033 1984 sua,
1075 1930 1120 1973 in
1153 1928 1368 1974 Dublino:
1404 1928 1482 1974 ΕΤ

230 1991 356 2051 quod
399 1990 455 2036 de
494 1991 636 2036 Triis
674 2005 716 2037 et
758 1992 968 2053 Tmurzjs,
1020 2008 1123 2055 quae
1155 1992 1265 2039 infra
1309 1993 1483 2039 Villam

233 2054 348 2109 sunt,
386 2056 559 2101 Renum
599 2058 658 2101 eis
698 2064 988 2113 ΤΕΝΕΑΤυκ,
1025 2057 1265 2104 secundum
1286 2056 1484 2104 Consue-

138 2133 195 2182 23
232 2119 434 2165 tudinem
473 2122 711 2168 Civitatis:
760 2121 801 2168 Ε
807 2139 855 2178 Τ,
891 2123 1031 2184 quod,
1074 2124 1130 2169 de
1166 2123 1350 2179 Dabitis,
1396 2138 1484 2185 que

231 2186 569 2232 accommodata
592 2185 784 2232 fuerint
777 2204 818 2232 1n
843 2159 1052 2245 civitate,
1079 2201 1120 2234 et
1153 2188 1209 2234 de
1231 2187 1486 2246 Vadimonijs

232 2249 397 2295 ibidem
423 2248 564 2307 factis,
595 2251 759 2297 Placita
783 2252 824 2296 in
851 2252 1044 2298 Civitate
1068 2268 1394 2309 TENEANTUR,
1420 2252 1482 2298 se·

141 2329 199 2373 24
233 2313 431 2360 cundum
457 2315 834 2362 Consuetudinem
859 2317 1095 2364 Civitatis:
1134 2317 1230 2374 ΕΤ,
1270 2318 1414 2379 quod,
1451 2317 1483 2366 fi

231 2380 347 2440 quis,
383 2380 541 2426 alicubi
581 2382 624 2426 in
649 2383 808 2438 Terra,
850 2382 921 2427 vel
961 2383 1180 2429 Potestete
1203 2382 1365 2439 nostra,
1410 2398 1482 2429 ce·

234 2445 351 2506 perit
372 2443 634 2491 Theolonium
655 2446 711 2492 de
736 2446 1017 2495 Hominibus
1041 2448 1281 2502 Civitatis,
1267 2469 1277 2479 ·
1338 2447 1370 2493 fi
1392 2463 1484 2495 non

234 2509 492 2567 reddiderit,
535 2511 772 2584 postquam
819 2512 1050 2573 requisitus
1089 2511 1222 2559 fuerit
1263 2510 1482 2568 reddere,

235 2573 408 2633 Prepos
407 2585 473 2620 tus
493 2576 697 2621 Civitatis
721 2580 862 2639 capitit
886 2578 986 2622 inde
1005 2576 1165 2624 Namia
1188 2577 1306 2640 apud
1330 2577 1486 2624 Dubli-

140 2652 200 2697 25
234 2653 346 2696 num,
394 2652 438 2687 et
459 2639 679 2703 dstringat
699 2632 913 2689 reddere:
950 2642 1046 2702 ΕΤ,
1086 2641 1212 2704 quod
1246 2641 1393 2690 nullus
1415 2658 1480 2689 ex-

1313 2716 1486 2756 traneus
