1655 2909
208 449 292 494 118

211 789 297 834 119

170 1374 293 1405 '120

203 2026 280 2057 121

767 90 770 92 ’
803 83 920 148 [iu
955 80 973 143 ]

328 182 696 232 Manutenentiam
732 190 977 242 Mumrum,
1023 186 1240 244 Turrium,
1286 189 1556 236 Pavimento-

333 263 428 296 rum
469 264 512 296 et
548 251 826 298 diversorum
867 253 1056 297 aliorum
1115 254 1320 299 Onerum
1361 252 1559 316 ejusdem

333 316 538 362 Civitatis
561 317 722 372 nostre,
749 317 945 377 fecerunt
968 331 1011 363 et
1033 319 1402 379 Supportaverunt
1424 341 1437 372 ·‚
1488 322 1560 366 Ac

331 380 547 436 volentes,
585 397 639 428 eo
682 383 910 437 Pretextu,
947 382 1111 428 eisdem
1139 381 1307 444 Majori
1347 397 1390 430 et
1414 384 1557 435 Com·

331 446 539 492 munibus
562 446 764 493 Gratiam
791 446 929 493 facere
945 447 1177 509 specialem
1202 470 1214 502 ·,
1256 445 1540 504 ιεᾙοηεεζὶἶ·

319 516 494 565 111113,
531 528 614 574 pro
639 513 787 558 Nobis
817 525 859 557 et
884 512 1146 558 Heredibus
1171 513 1346 568 nostris,
1383 513 1558 576 prefato

330 573 499 636 Majori
523 590 566 623 et
602 576 951 632 Communibus,
1002 592 1052 622 ac
1077 577 1334 624 Heredibus
1373 593 1416 625 et
1448 580 1556 626 Suc-

329 642 566 688 cefforibus
598 643 699 698 suis,
737 644 1090 705 imperpetuum,
1125 642 1382 698 Libertates,
1417 644 1554 690 Fran·

325 706 491 763 chefias,
557 720 600 753 et
657 707 880 766 Custumas.
925 706 1215 768 subscriptas;
1292 709 1551 764 Videlicet;

332 772 478 832 Qroo
519 771 673 835 Major
717 786 760 818 et
804 772 963 818 Ballivi
993 772 1144 818 nostri
1190 772 1308 820 diele
1348 774 1555 822 Civitatis

327 837 488 892 nostre,
524 853 572 882 ac
609 836 882 884 Succeffores
920 837 1000 892 sui,
1058 835 1255 897 Majores
1293 850 1336 884 et
1371 839 1548 895 Ballivi,

325 902 510 960 ibidem,
544 919 629 965 pro
652 905 887 966 Tempore
921 901 1171 959 existentes,
1198 903 1279 949 fint
1315 904 1555 966 Justiciarij

326 968 466 1024 Pacis,
503 981 547 1013 et
583 968 822 1029 Justiciarij
844 968 1170 1023 Laboratorum,
1229 966 1340 1013 infra
1382 969 1551 1019 Civita-

325 1046 416 1078 tem
436 1033 629 1079 nostram
651 1033 895 1097 predictam
919 1055 932 1087 -,
977 1046 1037 1089 et,
1062 1033 1186 1091 quod
1205 1033 1294 1095 Ipfi
1314 1049 1549 1082 HABEANT

325 1098 598 1158 Cognitionem
633 1113 675 1144 et
710 1098 870 1148 plenam
906 1098 1203 1144 Correffionem
1243 1100 1466 1145 Omnium
1507 1113 1551 1146 et

325 1163 634 1224 Singulorum,
685 1163 1012 1217 Laboratorum‚
1049 1163 1292 1220 Arttficum,
1345 1177 1389 1210 et
1418 1165 1548 1210 Vitel-

325 1227 519 1284 latorum,
573 1228 683 1274 infra
719 1229 885 1275 dictam
919 1229 1160 1274 Civitatem
1202 1229 1395 1275 nostram
1421 1246 1545 1276 corn-

328 1295 618 1350 morandum,
671 1310 720 1341 ac
743 1310 823 1358 per
845 1293 1030 1339 eandem
1056 1294 1329 1340 venientium
1367 1307 1410 1340 et
1433 1307 1547 1340 tran-

327 1357 580 1413 seuntium,
628 1360 872 1423 QoDQJe
895 1357 981 1421 Ipsi
1002 1373 1209 1409 FACERE,
1238 1374 1543 1416 EXCERCERE,

326 1435 368 1468 et
394 1440 696 1471 TERMINARE
740 1426 919 1486 possint,
973 1422 1212 1469 Universas
1257 1436 1301 1469 et
1339 1425 1546 1485 Singulas

322 1488 432 1542 Res,
481 1505 567 1551 que
612 1491 666 1536 ad
702 1487 890 1549 Officium
928 1488 1267 1549 Justiciariorum
1309 1487 1455 1543 Pacis,
1502 1502 1546 1536 et

322 1555 658 1615 Justiciariorum
702 1554 1013 1600 Laboratorum
1054 1553 1355 1615 predictorum
1409 1555 1543 1616 perti-

323 1633 423 1664 nent
446 1642 457 1672 ·,
484 1620 740 1667 Secundum
758 1620 972 1666 Formam
995 1619 1117 1680 Legis
1135 1617 1278 1664 nostre
1296 1618 1541 1675 Communis,

320 1700 368 1729 ac
394 1684 726 1745 Cotrfuetudinem
767 1683 1078 1734 Terrenostre
1102 1683 1316 1744 predicte,
1351 1699 1431 1729 nec
1453 1700 1542 1730 non

319 1750 410 1794 Vim
433 1764 475 1795 et
500 1750 690 1810 Efea‘i'um
713 1752 973 1795 statutorum
997 1761 1039 1794 et
1062 1746 1397 1804 Ordinationum,
1431 1747 1543 1795 infra

324 1815 536 1877 Regnum
586 1814 785 1861 nostrum
815 1814 977 1874 Anglie,
1025 1825 1068 1858 et
1109 1815 1300 1858 Terram
1346 1813 1539 1860 nostram

320 1881 583 1941 predictam,
649 1896 727 1942 per
773 1880 874 1926 Nos
914 1892 956 1924 et
992 1879 1308 1939 progenitores
1350 1877 1539 1936 nostros,

318 1945 546 2006 quondam
570 1947 717 2005 Reges
736 1944 901 2005 Anglie,
920 1956 1017 1989 ante
1042 1943 1121 1989 hec
1143 1945 1379 2006 Tempora
1397 1944 1540 1990 edito-

325 2026 423 2055 rum
481 2025 524 2055 et
569 2010 837 2056 habitorum.
926 2005 1329 2064 Qssllttfflmuss
1383 2010 1536 2064 etiam,

317 2075 478 2120 eisdem
501 2073 667 2137 Majori
686 2088 729 2120 et
753 2074 1101 2129 Communibus,
1141 2089 1189 2118 ac
1213 2074 1540 2120 Success‘oribus

281 2138 400 2185 suis
443 2140 664 2202 predictis,
722 2139 863 2202 Qod
906 2135 1059 2200 Major
1094 2151 1138 2184 et
1177 2139 1334 2183 Ballivi
1381 2137 1534 2195 nostri,

317 2205 522 2251 Civitatis
553 2205 696 2251 nostre
728 2204 940 2267 predicte,
977 2219 1025 2249 ac
1048 2219 1205 2248 eorum
1247 2203 1536 2259 Succeffores,

319 2267 517 2331 Majores
539 2284 583 2316 et
607 2270 780 2325 Ballivi,
824 2269 1008 2324 ibidem,
1046 2284 1128 2330 pro
1168 2269 1402 2330 Tempore
1425 2268 1535 2313 exis-

318 2346 473 2390 tentes,
525 2351 717 2382 HABERE
744 2348 787 2380 et
812 2349 1086 2382 Ρεεζςινεκε
1113 2335 1291 2395 possint,
1328 2349 1406 2395 per
1435 2334 1534 2378 Ma-

317 2415 397 2445 nus
421 2401 683 2455 eorundem,
727 2400 913 2460 Majoris
936 2412 978 2444 et
1001 2397 1278 2452 Ballivorum,
1332 2413 1380 2442 ac
1403 2397 1536 2458 Justi-

317 2466 540 2511 ciariorum
566 2465 707 2520 Pacis,
764 2479 806 2509 et
844 2463 1182 2524 Justiciariorum
1227 2462 1538 2508 Laboratorum

314 2544 356 2575 et
376 2529 611 2587 Artificum,
655 2529 977 2591 predictorum,
1013 2529 1295 2574 Omnimoda
1315 2528 1533 2575 Amercia-

316 2606 467 2650 menta,
495 2595 822 2655 Forisfhcffuras,
857 2594 996 2651 Fines,
1038 2606 1081 2641 et
1101 2594 1270 2649 Exitus,
1297 2592 1397 2643 inde
1417 2607 1531 2701 qug-

1330 2656 1473 2703 vismo
1509 2672 1537 2703 o
