1655 2909
697 69 717 129 i
754 86 777 132 7
814 67 834 127 ]

160 188 354 222 -traneus
377 172 600 220 Merrator
633 180 758 227 emat,
798 168 910 215 infra
932 168 1198 226 Civitatem,
1238 169 1296 215 de
1333 170 1440 217 Ho-

185 243 303 286 mine
339 251 546 295 extraneo,
593 235 728 284 Blada
752 236 825 281 vel
848 235 990 291 Coria,
1025 235 1098 281 vel
1121 235 1319 290 Lanam3
1364 235 1443 282 nifi

99 308 156 353 26
195 306 250 350 de
275 304 491 350 Civibus:
543 301 638 358 ET,
673 301 797 363 quod
836 300 983 348 nullus
1017 301 1255 346 Extremus
1293 300 1448 346 habeat

183 370 413 416 ‘sabernam
429 368 477 414 de
494 369 613 423 Vino,
635 368 712 412 nisi
737 368 779 412 in
800 368 919 413 Navi
939 390 952 422 ·‚
993 381 1092 412 HAc
1110 378 1259 411 autem
1285 365 1445 412 Liber-

181 449 269 481 tate
295 435 420 480 nobis
443 433 677 494 reservata,
704 432 829 494 quod
853 432 909 478 de
928 431 1122 494 qualibet
1144 431 1283 487 Navi,
1309 445 1444 493 quam

183 501 288 546 illuc
319 515 423 545 cum
446 500 577 544 Vinis
610 499 758 543 venire
780 498 1028 559 continget,
1065 494 1257 542 Ballivus
1280 495 1442 552 noster,

182 565 284 610 loco
309 563 478 619 nostro,
526 563 645 625 eliget
664 562 742 609 duo
762 562 890 608 Dolia
912 564 1026 618 Vmi,
1071 576 1342 624 quocunque
1360 576 1444 606 vo-

182 630 311 675 luerit
350 631 394 675 in
438 630 595 682 Navi·,
649 644 808 684 uuum,
866 627 1045 683 scilicet,
1101 639 1203 672 ante
1240 626 1440 682 Malum,

181 695 302 740 aliud
328 707 446 740 retro
470 694 670 749 Malum,
726 693 778 739 ad
805 708 920 755 opus
958 692 1177 748 nostrum,
1220 703 1301 752 pro
1342 707 1443 754 qua-

181 760 380 821 draginta
396 758 570 821 solidis;
607 772 770 812 unum,
795 758 974 814 scilicet,
1015 769 1095 818 pro
1116 759 1272 819 viginti
1284 756 1444 818 solidis,

181 838 225 871 et
248 825 367 870 aliud
387 837 468 885 pro
491 827 647 885 viginti
660 823 836 884 solidis3
902 837 944 870 et
982 822 1090 869 nihil
1125 823 1319 885 amplius
1342 822 1446 867 inde

88 905 145 951 27
182 891 383 952 accipiet,
420 889 498 935 nifi
537 890 591 934 ad
611 888 812 934 Gratiam
851 888 1148 935 Mercatoris:
1187 887 1283 944 ΕΤ,
1319 888 1444 949 quod

181 955 329 1001 nullus
354 965 584 1000 extraneus
603 953 762 1000 vendat
784 954 952 1000 Pannos
970 955 1013 999 in
1037 953 1249 1010 Civitate,
1283 952 1336 998 ad
1355 953 1444 998 De-

88 1023 144 1066 28
182 1020 360 1078 ctfionem
378 1039 392 1066 :
442 1019 538 1076 ET,
596 1019 720 1082 quod
761 1019 908 1066 nullus
953 1029 1174 1065 extraneus
1221 1019 1445 1065 Mercator

180 1095 365 1132 moretur
387 1086 430 1132 in
455 1085 593 1141 Villa,
629 1100 733 1131 curn
759 1085 989 1132 Mercibus
1008 1085 1108 1141 suis,
1130 1095 1209 1146 pro
1225 1083 1444 1130 Mercibus

89 1163 145 1210 ²9
174 1151 265 1213 suis
302 1149 539 1207 vendendis,
589 1150 667 1196 nifi
707 1166 786 1212 per
824 1150 1120 1214 quadraginta
1155 1149 1281 1195 dies:
1344 1147 1441 1206 ET,

183 1216 311 1278 quod
342 1216 489 1262 nullus
531 1216 652 1261 Civis
685 1215 965 1274 Dublinensts,
1000 1215 1163 1260 alicubi
1203 1216 1246 1260 in
1280 1214 1441 1272 Terra,

179 1282 252 1327 vel
277 1280 499 1327 potestate
522 1279 684 1337 nostra,
722 1284 946 1337 namietur,
981 1280 1053 1326 vel
1071 1280 1345 1341 distringatur
1359 1295 1444 1341 pro

88 1363 147 1407 30
181 1347 332 1408 aliquo
351 1346 552 1401 Debito;
592 1363 688 1392 NISI
714 1347 765 1392 fit
783 1347 978 1402 Debitor,
1014 1345 1088 1391 vel
1108 1345 1309 1406 Plegius:
1344 1344 1442 1402 ΕΤ,

180 1411 304 1473 quod
339 1413 502 1475 poffint
534 1414 737 1457 maritare
763 1413 818 1458 Se
842 1426 884 1458 et
904 1411 1044 1458 Filios
1067 1424 1110 1457 et
1140 1411 1275 1457 Filias
1297 1421 1341 1456 et
1364 1410 1445 1455 Vi-

178 1477 307 1532 duas,
345 1477 431 1523 fine
452 1477 645 1522 Licentia
666 1478 941 1523 D'm5norum
965 1477 1178 1531 suorum;
1215 1488 1276 1532 et,
1317 1475 1444 1536 quod

182 1541 334 1588 nullus
389 1542 662 1589 Dominorum
713 1543 916 1599 suorum,
987 1554 1174 1604 propter
1212 1539 1445 1587 forinsecas

181 1607 366 1662 Terras,
404 1607 560 1653 habeat
600 1607 847 1667 Custodiam,
895 1607 967 1654 vel
1013 1607 1288 1653 Donationem
1321 1605 1449 1652 Filio·

179 1687 289 1728 rum,
325 1672 396 1718 vel
421 1672 626 1718 Filiorum
649 1673 844 1729 suarum,
870 1687 944 1719 aut
960 1672 1188 1719 Viduarum
1209 1693 1222 1726 ;
1258 1671 1320 1717 set
1347 1683 1443 1717 tan·

180 1750 278 1782 tum
297 1736 561 1784 Custodiam
586 1738 917 1784 Tenementorum
932 1739 1133 1793 suorum,
1168 1752 1255 1799 que
1287 1735 1368 1782 fint
1385 1736 1443 1783 de

87 1818 140 1862 31
181 1802 312 1849 Feodo
349 1802 464 1857 suo;
513 1803 657 1849 donec
690 1803 870 1850 Etatem
901 1804 1114 1851 habeant:
1174 1802 1270 1859 ET,
1315 1801 1441 1864 quod

88 1884 145 1929 32
184 1867 304 1913 nulla
327 1869 565 1929 Recognitio
581 1869 655 1914 fiat
679 1869 722 1915 in
745 1869 968 1916 Civitate:
1005 1868 1103 1924 ET,
1137 1867 1260 1931 quod
1289 1883 1440 1912 HABE-

180 1948 281 1978 ANT
307 1947 462 1979 omnes
474 1934 779 1981 Rationabiles
791 1933 938 1981 Gildas
954 1934 1064 1991 suaS,
1079 1934 1187 1980 ficut
1202 1931 1444 1993 Burgenses

178 1997 234 2043 de
258 1997 434 2043 Bristoll
447 1997 625 2056 habent,
650 2000 722 2046 vel
742 2000 901 2046 melius
916 1999 1074 2046 habere
1093 1997 1438 2045 consueverunt:

86 2078 111 2126 3
120 2079 142 2125 3
180 2061 277 2119 ET,
311 2063 434 2125 quod
455 2063 602 2109 nullus
625 2064 752 2110 Civis
770 2075 946 2127 cogatur
962 2064 1187 2127 replegiare
1203 2063 1440 2125 Aliquem,

179 2128 259 2174 nifi
283 2127 374 2190 ipse
398 2128 618 2184 voluerit3
655 2131 862 2191 quamvis
887 2130 938 2177 fit
959 2131 1088 2193 super
1116 2132 1302 2175 Terram
1319 2128 1441 2174 suam

84 2209 145 2256 34
181 2208 377 2240 manens.
447 2191 858 2254 Qullttssimuff
880 2198 1014 2242 etiam
1037 2196 1099 2241 eis
1123 2209 1280 2241 omnes
1303 2192 1442 2239 Tenu-

102 2264 105 2267 ’
174 2259 266 2304 rias
286 2256 396 2314 suas,
447 2256 560 2304 infra
583 2260 748 2308 Muros
777 2272 821 2307 et
844 2274 966 2307 extra
989 2261 1173 2317 Μαι-οε,
1209 2259 1346 2322 usque
1384 2257 1443 2304 ad

174 2323 396 2386 predictas
435 2324 617 2379 Metas;
666 2325 721 2372 ad
746 2325 1032 2387 disponendum
1074 2341 1158 2388 pro
1195 2325 1443 2371 Voluntate

175 2387 266 2444 sua,
302 2404 382 2451 per
415 2387 670 2437 Communem
692 2390 898 2454 Affensum
922 2392 1145 2446 Civitatis,
1182 2390 1226 2436 in
1250 2387 1440 2452 Meffua-

169 2453 255 2514 giis
299 2465 342 2500 et
376 2454 421 2500 in
459 2455 682 2516 Virgultis,
734 2459 778 2502 in
818 2455 1009 2517 Edtficijs
1046 2455 1176 2519 super
1211 2455 1374 2518 Aquam
1397 2464 1443 2501 et

173 2517 298 2575 alibi,
334 2518 589 2582 ubicunque
625 2519 790 2568 fuerint
824 2522 870 2568 in
907 2521 1063 2576 Villa;
1117 2535 1376 2566 TENENDAS
1398 2518 1443 2564 in

176 2580 352 2629 liberum
377 2585 638 2647 Burgagium
660 2607 673 2641 3
722 2587 902 2643 scilicet,
939 2602 1020 2649 per
1041 2585 1274 2633 servicium
1299 2582 1446 2632 Land-

87 2662 148 2710 35
174 2646 316 2719 gabeli
336 2650 462 2712 quod
475 2650 669 2699 reddunt
700 2650 813 2699 infra
826 2651 1007 2701 Muros,
1043 2647 1449 2708 Quattffimuss

1281 2727 1437 2772 enam,
